% !Mode::"BibTeX:UTF-8"
%大写字母是必选项，小写字母是可填项
%generate automaticly
@ARTICLE{superfool,
  AUTHOR =       {Super fool},
  TITLE =        {How to become a right fool},
  JOURNAL =      {Research on the right fool},
  YEAR =         {2013},
}

@ARTICLE{fool,
  AUTHOR =       {Little fool},
  TITLE =        {How to become a fool},
  JOURNAL =      {Research on the fool},
  YEAR =         {2013},
}